@book{gorovind,
author = "Gorvind P. Agrawal",
title = "Nonlinear Fiber Optics",
year = " 2007", 
publisher = "Elsevier Inc"
}
