@book{gorovind,
author = "Gorvind P. Agrawal",
title = "Nonlinear Fiber Optics",
year = " 2007", 
publisher = "Elsevier Inc"
}
@book{boyd,
author = "Robert Boyd",
title = "Nonlinear Optics",
year = " 2007", 
publisher = "Elsevier Inc"
}


@article{dudrev,
author = "John M. Dudley and Goery Gentry, and Stephane Coen",
title = "Supercontinuum generation in photonic crystal fiber",
journal = "Rev. Mod. Phys.",
volume = "78",
year = "2006"
}

@artical{zhu,
author = "Zhaoming Zhu and Thomas G. Brown",
title = "Polarization properties of supercontriuum spectra generated in bifrefringent photonic crystal fibers",
journal="J. Opt. Soc. Am. B",
Volume = "21",
Number = "2",
year = "2004"
}

